@comment{x-kbibtex-personnameformatting=<%l><, %f>}

@inproceedings{UIgen2,
	abstract = "dblp",
	added-at = "2002-07-31T00:00:00.000+0200",
	author = "Engelson, Vadim and Fritzson, Dag and Fritzson, Peter",
	booktitle = "{TAMODIA}",
	date = "2002-07-31",
	editor = "Pribeanu, Costin and Vanderdonckt, Jean",
	interhash = "3b06e166a81889cade18c98ed0255751",
	intrahash = "0a5f3f0a88cfe81fd8e88a9716b63fde",
	isbn = "973-8360-01-3",
	keywords = "dblp",
	pages = "72--77",
	publisher = "INFOREC Publishing House Bucharest",
	title = "{Automatic Generation of Graphical User Interface from C++ Data Structures.}",
	url = "http://dblp.uni-trier.de/db/conf/tamodia/tamodia2002.html#EngelsonFF02; http://www.bibsonomy.org/bibtex/20a5f3f0a88cfe81fd8e88a9716b63fde/dblp",
	x-fetchedfrom = "Bibsonomy",
	year = 2002
}

@inproceedings{SATinQBF,
	abstract = "dblp",
	added-at = "2005-10-26T00:00:00.000+0200",
	author = "Samulowitz, Horst and Bacchus, Fahiem",
	booktitle = "{CP}",
	date = "2005-10-26",
	editor = "van Beek, Peter",
	interhash = "be2239355e7554aef4821f8a0e9ef425",
	intrahash = "e23f6ba5c1268aeb9281d479506c0410",
	isbn = "3-540-29238-1",
	keywords = "dblp",
	pages = "578--592",
	publisher = "Springer",
	series = "{Lecture Notes in Computer Science}",
	title = "{Using SAT in QBF.}",
	url = "http://dblp.uni-trier.de/db/conf/cp/cp2005.html#SamulowitzB05; http://dx.doi.org/10.1007/11564751_43; http://www.bibsonomy.org/bibtex/2e23f6ba5c1268aeb9281d479506c0410/dblp",
	volume = 3709,
	x-fetchedfrom = "Bibsonomy",
	year = 2005
}

@inproceedings{EfficientSAT,
	acmid = "1147034",
	address = "New York, NY, USA",
	author = "Safarpour, Sean and Veneris, Andreas and Baeckler, Gregg and Yuan, Richard",
	booktitle = "{Proceedings of the 43rd Annual Design Automation Conference}",
	doi = "10.1145/1146909.1147034",
	isbn = "1-59593-381-6",
	keywords = "Boolean matching; Boolean satisfiability; FPGA technology mapping",
	location = "San Francisco, CA, USA",
	numpages = "6",
	pages = "466--471",
	publisher = "ACM",
	series = "{DAC '06}",
	title = "{Efficient SAT-based Boolean Matching for FPGA Technology Mapping}",
	url = "http://doi.acm.org/10.1145/1146909.1147034",
	x-fetchedfrom = "ACM Digital Library",
	year = "2006"
}

@article{FPGA_PLB,
	abstract = "dblp",
	added-at = "2008-04-08T00:00:00.000+0200",
	author = "Ling, Andrew C. and Singh, Deshanand P. and Brown, Stephen Dean",
	date = "2008-04-08",
	interhash = "204073402ae33b1025352c364b48f05d",
	intrahash = "5dd2a462d2a0dcd544bed75a611864e5",
	journal = "IEEE Trans. on CAD of Integrated Circuits and Systems",
	keywords = "dblp",
	number = 7,
	pages = "1196--1210",
	title = "{FPGA PLB Architecture Evaluation and Area Optimization Techniques Using Boolean Satisfiability.}",
	url = "http://dblp.uni-trier.de/db/journals/tcad/tcad26.html#LingSB07; http://dx.doi.org/10.1109/TCAD.2007.891362; http://www.bibsonomy.org/bibtex/25dd2a462d2a0dcd544bed75a611864e5/dblp",
	volume = 26,
	x-fetchedfrom = "Bibsonomy",
	year = 2007
}

@techreport{Own:HDT,
	author = "Erxleben, Fredo",
	institution = "TU Dresden",
	organization = "TU Dresden",
	title = "{The Hardware Design Toolchain - Approaches and State of the Art }",
	year = "2014"
}

@misc{Qucs:base,
	author = "Brinson, M.E. and Jahn, S.",
	howpublished = "\url{http://www.mos-ak.org/eindhoven/papers/06\_Qucs\_MOS-AK\_Eindhoven.pdf}",
	location = "Eindhoven",
	month = apr,
	organization = "MOS-AK Meeting",
	title = "{Qucs: A GPL software package for circuit simulation, compact device modeling and circuit macromodeling from DC to RF and beyond}",
	year = "2008"
}

@misc{Qucs:devel,
	author = "Torri, Guilherme and Brinson, M.E. and Schreuder, F. and Roucaries, B. and Novak, C. and Crozier, R.",
	howpublished = "\url{http://www.mos-ak.org/london\_2014/presentations/09\_Mike\_Brinson\_MOS-AK\_London\_2014.pdf}",
	location = "London",
	month = mar,
	organization = "MOS-AK Meeting",
	title = "{Building a second generation Qucs GPL circuit simulator: package structure, simulation features and compact device modelling capabilities}",
	year = "2014"
}

@inproceedings{minisat,
	added-at = "2011-07-06T00:00:00.000+0200",
	author = "E{\'e}n, Niklas and S{\"o}rensson, Niklas",
	booktitle = "{SAT}",
	editor = "Giunchiglia, Enrico and Tacchella, Armando",
	interhash = "151d69dfc3555b5c2a42b1e1acdb6010",
	intrahash = "2439aebcab0a8d46b7c476d741779d33",
	isbn = "3-540-20851-8",
	keywords = "dblp",
	pages = "502--518",
	publisher = "Springer",
	series = "{Lecture Notes in Computer Science}",
	title = "{An Extensible SAT-solver.}",
	url = "http://dblp.uni-trier.de/db/conf/sat/sat2003.html#EenS03; http://dx.doi.org/10.1007/978-3-540-24605-3_37; http://www.bibsonomy.org/bibtex/22439aebcab0a8d46b7c476d741779d33/dblp",
	volume = 2919,
	x-fetchedfrom = "Bibsonomy",
	year = 2003
}

@article{qbfComparison,
	abstract = "dblp",
	added-at = "2009-05-05T00:00:00.000+0200",
	author = "Narizzano, Massimo and Pulina, Luca and Tacchella, Armando",
	date = "2009-05-05",
	interhash = "62574265e385884d2749582de23b8ec1",
	intrahash = "c673a98fb6b6e12f947e61619602f209",
	journal = "JSAT",
	keywords = "dblp",
	number = "1-4",
	pages = "145--164",
	title = "{Report of the Third QBF Solvers Evaluation.}",
	url = "http://dblp.uni-trier.de/db/journals/jsat/jsat2.html#NarizzanoPT06; http://jsat.ewi.tudelft.nl/content/volume2/JSAT2_6_Narizzano.pdf; http://www.bibsonomy.org/bibtex/2c673a98fb6b6e12f947e61619602f209/dblp",
	volume = 2,
	x-fetchedfrom = "Bibsonomy",
	year = 2006
}

@inproceedings{UIgen,
	added-at = "2011-06-28T11:25:13.000+0200",
	author = "Schlegel, Thomas and Raschke, Michael and Knittig, Markus and Dridiger, Stefan and Taras, Christiane",
	booktitle = "{Proceedings of IADIS International Conference Interfaces and Human Computer Interaction}",
	interhash = "72dcc2487c20181349a45397ca1f1212",
	intrahash = "a0d12a4b4455d9acecd898eea4ddeb35",
	keywords = "generation interactivesystems interface userinterfaces",
	title = "{Evaluation of Current User Interface Generator Frameworks for Graphical Interactive Systems}",
	url = "http://www.bibsonomy.org/bibtex/2a0d12a4b4455d9acecd898eea4ddeb35/enitsirhc",
	x-fetchedfrom = "Bibsonomy",
	year = 2010
}

@misc{virtex5,
	author = "Xilinx",
	month = mar,
	organization = "Xilinx, Inc.",
	title = "{Virtex-5 FPGA User Guide}",
	year = "2012"
}

@misc{hdl-guide,
	author = "Xilinx",
	month = oct,
	organization = "Xilinx, Inc.",
	title = "{Virtex-5 Libraries Guide for HDL Designs}",
	year = "2013"
}

@techreport{wisent,
	author = "Preu{\ss}er, Thomas",
	institution = "Fakult{\"a}t Informatik, Technische Universit{\"a}t Dresden",
	issn = "1430-211X",
	link = "ftp://ftp.inf.tu-dresden.de/pub/berichte/tud04-11.pdf",
	month = "Sep",
	number = "TUD-FI04-1",
	title = "{The wisent Parser Generator}",
	year = "2004"
}

@article{InteraktiveSysteme,
	abstract = "Interaktive Systeme - Bernhard Preim, Raimund Dachselt - Google Books",
	added-at = "2013-06-03T12:31:41.000+0200",
	author = "{Bernhard Preim}, Raimund Dachselt",
	interhash = "07ae33518a815519346df767d4a12d91",
	intrahash = "67993a289c89213f5627c7e63de4019d",
	keywords = "cocreate genex ideencommunity innovationskraftwerk kassel",
	title = "{Interaktive Systeme, Band 1}",
	url = "http://www.bibsonomy.org/bibtex/267993a289c89213f5627c7e63de4019d/tobias85",
	x-fetchedfrom = "Bibsonomy",
	year = "2010"
}

